@online{dotnet,
  title = {.NET},
  author = {{Microsoft}},
  organization = {Microsoft},
  url = {https://dotnet.microsoft.com/},
  urldate = {2023-05-23}
}

@online{dotnetblazor,
  title = {ASP.NET Blazor},
  author = {{Microsoft}},
  organization = {Microsoft Corporation},
  url = {https://dotnet.microsoft.com/en-us/apps/aspnet/web-apps/blazor},
  urldate = {2023-05-23}
}

@online{nuget,
  title = {NuGet Gallery},
  author = {{NuGet}},
  organization = {Microsoft Corporation},
  url = {https://www.nuget.org/},
  urldate = {2023-05-23}
}

@online{efcore,
  title = {Entity Framework Core},
  author = {{Microsoft}},
  organization = {Microsoft Corporation},
  url = {https://docs.microsoft.com/en-us/ef/core/},
  urldate = {2023-05-23}
}

@online{dapper,
  title = {Dapper},
  author = {{StackExchange}},
  organization = {Stack Exchange Inc.},
  url = {https://dapperlib.github.io/Dapper/},
  urldate = {2023-05-23}
}

@online{terraform,
  title = {Terraform},
  author = {{HashiCorp}},
  organization = {HashiCorp},
  url = {https://www.terraform.io/},
  urldate = {2023-05-23}
}

@online{sonarqube,
  title = {SonarQube},
  author = {{SonarSource}},
  organization = {SonarSource SA},
  url = {https://www.sonarqube.org/},
  urldate = {2023-05-23}
}

@online{codeclimate,
  title = {CodeClimate},
  author = {{Code Climate}},
  organization = {Code Climate, Inc.},
  url = {https://codeclimate.com/},
  urldate = {2023-05-23}
}

@misc{gplv3,
  title = {{GNU General Public License v3.0}},
  note = {Version 3.0},
  howpublished = {[Online]},
  organization = {{Free Software Foundation}},
  url = {https://www.gnu.org/licenses/gpl-3.0.en.html},
  urldate = {2023-05-23}
}

@misc{mitlicense,
  title = {{MIT License}},
  howpublished = {[Online]},
  organization = {{Massachusetts Institute of Technology}},
  url = {https://opensource.org/licenses/MIT},
  urldate = {2023-05-23}
}


@online{digitalocean,
  title = {Digital Ocean},
  author = {{DigitalOcean, LLC.}},
  organization = {DigitalOcean, LLC.},
  url = {https://www.digitalocean.com/},
  urldate = {2023-05-23}
}

@online{discord,
  title = {Discord},
  author = {{Discord, INC.}},
  organization = {Discord, INC.},
  url = {https://discord.com/},
  urldate = {2023-05-23}
}

@online{dependabot,
  title = {Dependabot},
  author = {{GitHub}},
  organization = {GitHub, Inc.},
  url = {https://github.com/dependabot},
  urldate = {2023-05-23}
}

@online{github-issues,
  title = {GitHub Issues},
  author = {{GitHub}},
  organization = {GitHub},
  url = {https://docs.github.com/en/issues},
  urldate = {2023-05-23}
}

@online{github-actions,
  title = {GitHub Actions},
  author = {{GitHub}},
  organization = {GitHub},
  url = {https://docs.github.com/en/actions},
  urldate = {2023-05-23},
}

@online{superlinter,
  title = {SuperLinter},
  author = {{GitHub}},
  organization = {GitHub},
  url = {https://github.com/github/super-linter},
  urldate = {2023-05-23},
}

@online{duendeidentityserver,
  title = {ASP.NET IdentityServer},
  author = {Duende Software},
  organization = {Duende Software LLC},
  url = {https://docs.duendesoftware.com/identityserver/v6/quickstarts/5_aspnetid/},
  urldate = {2023-05-23}
}

@online{regression-testing,
  title = {Regression Testing},
  author = {Thomas Hamilton},
  organization = {Guru99},
  url = {https://www.guru99.com/regression-testing.html},
  urldate = {2023-05-23},
}

@online{snyk,
  title = {Snyk},
  author = {{Snyk}},
  organization = {Snyk Ltd.},
  url = {https://snyk.io/},
  urldate = {2023-05-23},
}

@online{github-secrets,
  title = {GitHub Secrets},
  author = {{GitHub}},
  organization = {GitHub},
  url = {https://docs.github.com/en/actions/reference/encrypted-secrets},
  urldate = {2023-05-23},
}

@online{prometheus,
  title = {Prometheus},
  author = {{Prometheus}},
  organization = {Prometheus},
  url = {https://prometheus.io/},
  urldate = {2023-05-23},
}

@online{grafana,
  title = {Grafana},
  author = {{Grafana Labs}},
  organization = {Grafana Labs},
  url = {https://grafana.com/},
  urldate = {2023-05-23},
}

@online{elasticsearch,
  title = {Elasticsearch},
  author = {{Elastic}},
  organization = {Elastic},
  url = {https://www.elastic.co/elasticsearch},
  urldate = {2023-05-23},
}

@online{serilog,
  title = {Serilog},
  author = {{Serilog Contributors}},
  organization = {Serilog},
  url = {https://serilog.net/},
  urldate = {2023-05-23},
}

@online{kibana,
  title = {Kibana},
  author = {{Elastic}},
  organization = {Elastic},
  url = {https://www.elastic.co/kibana},
  urldate = {2023-05-23},
}

@online{zap,
  title = {Zed Attack Proxy (ZAP)},
  author = {{OWASP}},
  organization = {OWASP},
  url = {https://owasp.org/www-project-zap/},
  urldate = {2023-05-23},
}

@online{docker-swarm,
  title = {Docker Swarm},
  author = {{Docker}},
  organization = {Docker},
  url = {https://docs.docker.com/engine/swarm/},
  urldate = {2023-05-23},
}

@online{nginx,
  title = {Nginx},
  author = {{Nginx}},
  organization = {Nginx},
  url = {https://nginx.org/},
  urldate = {2023-05-23}
}

@online{docker,
  title = {Docker},
  author = {{Docker}},
  organization = {Docker},
  url = {https://www.docker.com/},
  urldate = {2023-05-23}
}

@online{chatgpt,
  title = {ChatGPT},
  author = {{OpenAI}},
  organization = {OpenAI},
  url = {https://openai.com/product/chatgpt},
  urldate = {2023-05-23}
}

@online{rubber-duck-debugging,
  title = {Rubber Duck Debugging},
  author = {{Wikipedia contributors}},
  organization = {Wikipedia},
  url = {https://en.wikipedia.org/wiki/Rubber_duck_debugging},
  urldate = {2023-05-23}
}

@online{github-copilot,
  title = {GitHub Copilot},
  author = {{GitHub}},
  organization = {GitHub},
  url = {https://copilot.github.com/},
  urldate = {2023-05-23}
}

@online{clean-architecture,
  title = {Introduction to Clean Architecture and Implementation with ASP.NET Core},
  author = {Bishwanath Dey Nayan},
  organization = {C\# Corner},
  url = {https://www.c-sharpcorner.com/article/introduction-to-clean-architecture-and-implementation-with-asp-net-core/},
  urldate = {2023-05-23}
}

@online{repository-pattern,
  title = {Repository},
  author = {Fowler, Martin},
  organization = {Martin Fowler},
  url = {https://martinfowler.com/eaaCatalog/repository.html},
  urldate = {2023-05-23}
}

@online{client-server-architecture,
  title = {What is Client-Server Architecture?},
  author = {{John Terra}},
  organization = {Simplilearn},
  url = {https://www.simplilearn.com/what-is-client-server-architecture-article},
  urldate = {2023-05-23}
}


